<?xml version="1.0" encoding="UTF-8"?><collection xmlns="http://www.loc.gov/MARC21/slim"><record><leader>00413nam--2200157-i-4500</leader><controlfield tag="001">000013793</controlfield><controlfield tag="002">20161230</controlfield><controlfield tag="005">20161230201030</controlfield><controlfield tag="008">060222s1000------------r-----000-0-eng-d</controlfield><datafield ind1=" " ind2=" " tag="020"><subfield code="a">KARLSRUHE, KERNFORSCHUNGSZENTRUM, 1980 VII+72 P</subfield></datafield><datafield ind1=" " ind2=" " tag="080"><subfield code="a">2998</subfield></datafield><datafield ind1=" " ind2=" " tag="100"><subfield code="a">Abdel-khalik, S</subfield></datafield><datafield ind1=" " ind2=" " tag="245"><subfield code="a">Jansen, p</subfield></datafield><datafield ind1=" " ind2=" " tag="260"><subfield code="a">Kessler, G</subfield></datafield><datafield ind1=" " ind2=" " tag="490"><subfield code="a">Impect Of Fusion-fision Hybrids On World Nu- Clear Future</subfield></datafield><datafield ind1=" " ind2=" " tag="653"><subfield code="a">Kfk</subfield></datafield></record></collection>